<record><leader>00000cas a2200000 a 4500</leader><controlfield tag="001">27967737</controlfield><controlfield tag="008">930422d19881988iluwr ne      0    0eng c</controlfield><datafield ind1=" " ind2=" " tag="010"><subfield code="a">sn 93055464 </subfield></datafield><datafield ind1=" " ind2=" " tag="040"><subfield code="a">NVF</subfield><subfield code="b">eng</subfield><subfield code="c">NVF</subfield><subfield code="d">OCLCQ</subfield><subfield code="d">NVF</subfield><subfield code="d">OCLCQ</subfield><subfield code="d">OCLCF</subfield><subfield code="d">OCLCO</subfield></datafield><datafield ind1="1" ind2=" " tag="029"><subfield code="a">AU@</subfield><subfield code="b">000020739263</subfield></datafield><datafield ind1=" " ind2=" " tag="042"><subfield code="a">pcc</subfield></datafield><datafield ind1=" " ind2=" " tag="043"><subfield code="a">n-us-il</subfield></datafield><datafield ind1="0" ind2="0" tag="245"><subfield code="a">Independent free press.</subfield></datafield><datafield ind1=" " ind2=" " tag="260"><subfield code="a">Mt. Pulaski, IL :</subfield><subfield code="b">[Michael Lakin],</subfield><subfield code="c">1988.</subfield></datafield><datafield ind1=" " ind2=" " tag="300"><subfield code="a">v.</subfield></datafield><datafield ind1=" " ind2=" " tag="310"><subfield code="a">Weekly</subfield></datafield><datafield ind1="0" ind2=" " tag="362"><subfield code="a">Vol. 1, no. 24 (Jan. 4, 1988)-v. 1, no. 45 (June 5, 1988).</subfield></datafield><datafield ind1=" " ind2=" " tag="515"><subfield code="a">Continues the numbering of: Weekly merchant.</subfield></datafield><datafield ind1=" " ind2="0" tag="651"><subfield code="a">Mount Pulaski (Ill.)</subfield><subfield code="v">Newspapers.</subfield></datafield><datafield ind1=" " ind2="7" tag="655"><subfield code="a">Newspapers.</subfield><subfield code="2">fast</subfield><subfield code="0">(OCoLC)fst01423814</subfield></datafield><datafield ind1=" " ind2="7" tag="651"><subfield code="a">Illinois</subfield><subfield code="z">Mount Pulaski.</subfield><subfield code="2">fast</subfield><subfield code="0">(OCoLC)fst01237184</subfield></datafield><datafield ind1=" " ind2=" " tag="752"><subfield code="a">United States</subfield><subfield code="b">Illinois</subfield><subfield code="c">Logan</subfield><subfield code="d">Mount Pulaski.</subfield></datafield><datafield ind1="0" ind2="0" tag="780"><subfield code="t">Weekly merchant</subfield><subfield code="w">(DLC)sn 93055463</subfield><subfield code="w">(OCoLC)27967657</subfield></datafield><datafield ind1="0" ind2="0" tag="785"><subfield code="t">Hometown weekly news</subfield><subfield code="w">(DLC)sn 93055465</subfield><subfield code="w">(OCoLC)27967803</subfield></datafield></record>